%% This BibTeX bibliography file was created using BibDesk.
%% https://bibdesk.sourceforge.io/

%% Created for MBA at 2022-06-23 16:12:25 +0200 


%% Saved with string encoding Unicode (UTF-8) 



@misc{crawshaw2021ux,
	author = {Crawshaw, Ceara and Vassilatos, Fanny},
	date-added = {2022-06-23 16:09:29 +0200},
	date-modified = {2022-06-23 16:11:55 +0200},
	month = {03},
	title = {UX Pattern Analysis: Enterprise Filtering},
	url = {https://pencilandpaper.io/articles/ux-pattern-analysis-enterprise-filtering/},
	year = {2021}}

@inproceedings{morita1994information,
	author = {Morita, Masahiro and Shinoda, Yoichi},
	booktitle = {SIGIR'94},
	date-added = {2022-06-23 16:08:25 +0200},
	date-modified = {2022-06-23 16:08:25 +0200},
	organization = {Springer},
	pages = {272--281},
	title = {Information filtering based on user behavior analysis and best match text retrieval},
	year = {1994}}

@webpage{moran2018defining,
	author = {Moran, Kate},
	date-added = {2022-06-23 16:06:17 +0200},
	date-modified = {2022-06-23 16:07:58 +0200},
	month = {07},
	title = {Defining Helpful Filter Categories and Values for Better UX},
	url = {https://www.nngroup.com/articles/filter-categories-values/},
	year = {2018}}

@inproceedings{obimbo2018analysis,
	author = {Obimbo, Charlie and Zhou, Yong and Nguyen, Randy},
	booktitle = {2018 International Conference on Computational Science and Computational Intelligence (CSCI)},
	date-added = {2022-06-23 16:05:18 +0200},
	date-modified = {2022-06-23 16:05:18 +0200},
	organization = {IEEE},
	pages = {116--119},
	title = {Analysis of Vulnerabilities of Web Browser Extensions},
	year = {2018}}

@article{jiang2020consumer,
	author = {Jiang, Baojun and Zou, Tianxin},
	date-added = {2022-06-23 16:05:01 +0200},
	date-modified = {2022-06-23 16:05:01 +0200},
	journal = {Journal of Marketing Research},
	number = {5},
	pages = {900--916},
	publisher = {SAGE Publications Sage CA: Los Angeles, CA},
	title = {Consumer search and filtering on online retail platforms},
	volume = {57},
	year = {2020}}

@article{branco2016too,
	author = {Branco, Fernando and Sun, Monic and Villas-Boas, J Miguel},
	date-added = {2022-06-23 16:04:42 +0200},
	date-modified = {2022-06-23 16:04:42 +0200},
	journal = {Marketing Science},
	number = {4},
	pages = {605--618},
	publisher = {INFORMS},
	title = {Too much information? Information provision and search costs},
	volume = {35},
	year = {2016}}

@article{de2015prevalence,
	author = {De Sarkar, Tanmay},
	date-added = {2022-06-23 16:04:26 +0200},
	date-modified = {2022-06-23 16:04:26 +0200},
	journal = {The Electronic Library},
	publisher = {Emerald Group Publishing Limited},
	title = {The prevalence of web browser extensions use in library services: an exploratory study},
	year = {2015}}

@article{zuckerman1978importance,
	author = {Zuckerman, Miron and Porac, Joseph and Lathin, Drew and Deci, Edward L},
	date-added = {2022-06-23 16:04:08 +0200},
	date-modified = {2022-06-23 16:04:08 +0200},
	journal = {Personality and social psychology bulletin},
	number = {3},
	pages = {443--446},
	publisher = {Sage Publications Sage CA: Thousand Oaks, CA},
	title = {On the importance of self-determination for intrinsically-motivated behavior},
	volume = {4},
	year = {1978}}

@article{iyengar2000choice,
	author = {Iyengar, Sheena S and Lepper, Mark R},
	date-added = {2022-06-23 16:03:39 +0200},
	date-modified = {2022-06-23 16:03:39 +0200},
	journal = {Journal of personality and social psychology},
	number = {6},
	pages = {995},
	publisher = {American Psychological Association},
	title = {When choice is demotivating: Can one desire too much of a good thing?},
	volume = {79},
	year = {2000}}
